@article{scikit-learn,
 title={Scikit-learn: Machine Learning in {P}ython},
 author={Pedregosa, F. and Varoquaux, G. and Gramfort, A. and Michel, V.
         and Thirion, B. and Grisel, O. and Blondel, M. and Prettenhofer, P.
         and Weiss, R. and Dubourg, V. and Vanderplas, J. and Passos, A. and
         Cournapeau, D. and Brucher, M. and Perrot, M. and Duchesnay, E.},
 journal={Journal of Machine Learning Research},
 volume={12},
 pages={2825--2830},
 year={2011}
}

@inproceedings{sklearn_api,
  author    = {Lars Buitinck and Gilles Louppe and Mathieu Blondel and
               Fabian Pedregosa and Andreas Mueller and Olivier Grisel and
               Vlad Niculae and Peter Prettenhofer and Alexandre Gramfort
               and Jaques Grobler and Robert Layton and Jake VanderPlas and
               Arnaud Joly and Brian Holt and Ga{\"{e}}l Varoquaux},
  title     = {{API} design for machine learning software: experiences from the scikit-learn
               project},
  booktitle = {ECML PKDD Workshop: Languages for Data Mining and Machine Learning},
  year      = {2013},
  pages = {108--122},
}


@article{rossman2000epanet,
  title={EPANET 2: users manual},
  author={Rossman, Lewis A and others},
  year={2000},
  publisher={US Environmental Protection Agency. Office of Research and Development. National Risk Management Research Laboratory}
}


@article{irofti2017dictionary,
  title={Dictionary learning strategies for sensor placement and leakage isolation in water networks},
  author={Irofti, Paul and Stoican, Florin},
  journal={IFAC-PapersOnLine},
  volume={50},
  number={1},
  pages={1553--1558},
  year={2017},
  publisher={Elsevier}
}

@conference{branicky1994stability,
  title={{Stability of switched and hybrid systems}},
  author={Branicky, M.S.},
  booktitle={IEEE Conference on Decision and Control},
  volume={4},
  pages={3498--3498},
  year={1994},
  organization={Institute of electrical engineers INC (IEE)}
}

@misc{dumitrescu2018dictionary,
  title={Dictionary Learning Algorithms and Applications},
  author={Dumitrescu, Bogdan and Irofti, Paul},
  year={2018},
  publisher={Springer}
}

@book{garey1979computers,
  title={{Computers and intractability. A guide to the theory of NP-completeness. A Series of Books in the Mathematical Sciences}},
  author={Garey, M.R. and Johnson, D.S.},
  year={1979},
  publisher={WH Freeman and Company, San Francisco, Calif}
}

@book{elger2016engineering,
  title={Engineering fluid mechanics},
  author={Elger, Donald F and Roberson, John A},
  year={2016},
  publisher={Wiley Hoboken (NJ)}
}

@inproceedings{mairal2009online,
  title={Online dictionary learning for sparse coding},
  author={Mairal, Julien and Bach, Francis and Ponce, Jean and Sapiro, Guillermo},
  booktitle={Proceedings of the 26th annual international conference on machine learning},
  pages={689--696},
  year={2009},
  organization={ACM}
}

@article{klopfenstein1998air,
  title={Air velocity and flow measurement using a Pitot tube},
  author={Klopfenstein Jr, Rex},
  journal={ISA transactions},
  volume={37},
  number={4},
  pages={257--263},
  year={1998},
  publisher={Elsevier}
}